<?xml version="1.0" encoding="UTF-8"?><collection xmlns="http://www.loc.gov/MARC21/slim"><record><leader>00364nam--2200121-i-4500</leader><controlfield tag="001">000026691</controlfield><controlfield tag="002">20161230</controlfield><controlfield tag="005">20161230201036</controlfield><controlfield tag="008">060222s1000------------r-----000-0-eng-d</controlfield><datafield ind1=" " ind2=" " tag="080"><subfield code="a">54.02(061.3):631.4(061.3):547(061.3)</subfield></datafield><datafield ind1=" " ind2=" " tag="245"><subfield code="a">Isotopes and radiation in soil organic matter studies</subfield></datafield><datafield ind1=" " ind2=" " tag="260"><subfield code="a">Vienna,International Atomic Energy Agency, 1968. 584p</subfield></datafield><datafield ind1=" " ind2=" " tag="852"><subfield code="a">37686</subfield></datafield></record></collection>